<record><leader>00000cas a2200000 a 4500</leader><controlfield tag="001">13024912</controlfield><controlfield tag="008">860115d19161917ctumr ne      0   a0eng d</controlfield><datafield ind1=" " ind2=" " tag="010"><subfield code="a">sn 93053935 </subfield></datafield><datafield ind1=" " ind2=" " tag="040"><subfield code="a">WIH</subfield><subfield code="b">eng</subfield><subfield code="c">WIH</subfield><subfield code="d">CNW</subfield><subfield code="d">OCL</subfield><subfield code="d">OCLCQ</subfield></datafield><datafield ind1=" " ind2=" " tag="042"><subfield code="a">msc</subfield></datafield><datafield ind1=" " ind2=" " tag="043"><subfield code="a">n-us-ct</subfield></datafield><datafield ind1="0" ind2="4" tag="245"><subfield code="a">The Windsor town crier.</subfield></datafield><datafield ind1=" " ind2=" " tag="260"><subfield code="a">Windsor, Conn. :</subfield><subfield code="b">Town Crier Pub. Co.</subfield></datafield><datafield ind1=" " ind2=" " tag="300"><subfield code="a">v. :</subfield><subfield code="b">ill. ;</subfield><subfield code="c">28 cm.</subfield></datafield><datafield ind1=" " ind2=" " tag="310"><subfield code="a">Monthly</subfield></datafield><datafield ind1="0" ind2=" " tag="362"><subfield code="a">[Vol. 1, no. 2] Feb. 1916-[v. 2, no. 12] Dec. 1917.</subfield></datafield><datafield ind1=" " ind2=" " tag="500"><subfield code="a">Designation from publisher's statement.</subfield></datafield><datafield ind1=" " ind2=" " tag="530"><subfield code="a">Available on microfilm from the State Historical Society of Wisconsin.</subfield></datafield><datafield ind1=" " ind2="4" tag="651"><subfield code="a">Windsor (Conn.)</subfield><subfield code="v">Newspapers.</subfield></datafield><datafield ind1=" " ind2=" " tag="752"><subfield code="a">United States</subfield><subfield code="b">Connecticut</subfield><subfield code="c">Hartford</subfield><subfield code="d">Windsor.</subfield></datafield><datafield ind1="0" ind2="8" tag="776"><subfield code="i">Online version:</subfield><subfield code="t">Windsor town crier</subfield><subfield code="w">(OCoLC)657094518</subfield></datafield><datafield ind1="0" ind2="0" tag="780"><subfield code="t">Town crier (Windsor, Conn.)</subfield><subfield code="w">(DLC)sn 93053934</subfield></datafield><datafield ind1="1" ind2=" " tag="029"><subfield code="a">AU@</subfield><subfield code="b">000020753905</subfield></datafield></record>